@incollection{warren2004optic,
  title={From optic flow to laws of control},
  author={Warren, William H and Fajen, Brett R},
  booktitle={Optic flow and beyond},
  pages={307--337},
  year={2004},
  publisher={Springer}
}
