@article{Fesi201456,
title = "Cortical responses to optic flow and motion contrast across patterns and speeds ",
journal = "Vision Research ",
volume = "100",
number = "0",
pages = "56 - 71",
year = "2014",
note = "",
issn = "0042-6989",
doi = "http://dx.doi.org/10.1016/j.visres.2014.04.004",
url = "http://www.sciencedirect.com/science/article/pii/S0042698914000765",
author = "Jeremy D. Fesi and Amanda L. Thomas and Rick O. Gilmore",
keywords = "Motion",
keywords = "Optic flow",
keywords = "Motion contrast",
keywords = "\{SSVEP\}",
keywords = "Electrophysiology "
}

@article{Joshi201568,
title = "Development of radial optic flow pattern sensitivity at different speeds ",
journal = "Vision Research ",
volume = "110, Part A",
number = "0",
pages = "68 - 75",
year = "2015",
note = "",
issn = "0042-6989",
doi = "http://dx.doi.org/10.1016/j.visres.2015.03.006",
url = "http://www.sciencedirect.com/science/article/pii/S0042698915000942",
author = "Mahesh Raj Joshi and Helle K. Falkenberg",
keywords = "Motion perception",
keywords = "Radial optic flow",
keywords = "Development",
keywords = "Maturation",
keywords = "Speed "
}
